%%%%%%%%%%%%%%%%%%%%%%%%%%%%% references %%%%%%%%%%%%%%%%%%%%%%%%%%%
@inproceedings{assist,
  author    = {Fabian H{\"{o}}flinger and
               Rui Zhang and
               Joachim Hoppe and
               Amir Bannoura and
               Leonhard M. Reindl and
               Johannes Wendeberg and
               Manuel B{\"{u}}hrer and
               Christian Schindelhauer},
  title     = {Acoustic Self-calibrating System for Indoor Smartphone Tracking {(ASSIST)}},
  booktitle = {2012 International Conference on Indoor Positioning and Indoor Navigation,
               {IPIN} 2012, Sydney, Australia, November 13-15, 2012},
  pages     = {1--9},
  year      = {2012},
}

@misc{appuse,
    title = "Android users have an average of 95 apps installed on their phones, according to Yahoo Aviate data",
    howpublished = "http://thenextweb.com/apps/2014/08/26/android-users-average-95-apps-installed-phones-according-yahoo-aviate-data/"
}

@article{iqbal_oasis,
    author = {Iqbal, Shamsi T. and Bailey, Brian P.},
    title = {Oasis: A Framework for Linking Notification Delivery to the Perceptual Structure of Goal-directed Tasks},
    journal = {ACM Trans. Comput.-Hum. Interact.},
    year = {2010},
    publisher = {ACM},
    address = {New York, NY, USA}
}

@article{room_shape,
    author = {Dokmanića, Ivan and Parhizkara, Reza and Walthera, Andreas and M. Lub, Yue and Vetterlia, Martin},
    title = {Acoustic echoes reveal room shape},
    journal = {Proceedings of National Academy of Sciences (PNAS)},
    year = {2013},
}

@article{iot15,
    author = {Daniel, Graham and George, Simmons and David, T.Nguyen and Gang, Zhou},
    title = {A Software Based Sonar Ranging Sensor for Smart Phones},
    journal = {IoT},
    year = {2015},
}

@article{iot16,
    author = {Daniel Graham and Gang Zhou and Ed Novak and Jeffrey Buffkin},
    title = {A Smartphone Compatible SONAR Ranging Attachment for 2-D Mapping},
    journal = {IoT},
    year = {2016}
}



@incollection{esm1983,
    author = {Larson, Reed and Csikszentmihalyi, Mihaly},
    booktitle = {Naturalistic Approaches to Studying Social Interaction},
    editor = {Reis, Harry T.},
    pages = {41--56},
    publisher = {Jossey-Bass},
    series = {New Directions for Methodology of Social and Behavioral Science},
    title = {{The experience sampling method}},
    volume = {15},
    year = {1983}
}


@INPROCEEDINGS{ranking_echoes, 
    author={R. Scheibler and I. Dokmanić and M. Vetterli}, 
    booktitle={2015 IEEE International Conference on Acoustics, Speech and Signal Processing (ICASSP)}, 
    title={Raking echoes in the time domain}, 
    year={2015}, 
    pages={554-558}, 
    ISSN={1520-6149}, 
    month={April}
}

@article{bat_echo,
      author    = {Miranda Krekovic and
                         Ivan Dokmanic and
                                            Martin Vetterli},
        title     = {Omnidirectional Bats, Point-to-Plane Distances, and the Price of Uniqueness},
          journal   = {CoRR},
            volume    = {abs/1609.05512},
              year      = {2016},
}

@inproceedings{echo_slam,
      author    = {Miranda Krekovic and
                         Ivan Dokmanic and
                                            Martin Vetterli},
        title     = {EchoSLAM: Simultaneous localization and mapping with acoustic echoes},
          booktitle = {2016 {IEEE} International Conference on Acoustics, Speech and Signal
                             Processing, {ICASSP} 2016, Shanghai, China, March 20-25, 2016},
            pages     = {11--15},
              publisher = {{IEEE}},
                year      = {2016},
}

@inproceedings{geom_echo,
     author = {Hussain, Wajahat and Civera, Javier and Montano, Luis},
      title = {Grounding Acoustic Echoes in Single View Geometry Estimation},
       booktitle = {Proceedings of the Twenty-Eighth AAAI Conference on Artificial Intelligence},
        series = {AAAI'14},
         year = {2014},
          location = {Qu\&\#233;bec City, Qu\&\#233;bec, Canada},
           pages = {2760--2766},
               publisher = {AAAI Press},
}

@inproceedings{sound_prox,
     author = {Thiel, Benjamin and Kloch, Kamil and Lukowicz, Paul},
      title = {Sound-based Proximity Detection with Mobile Phones},
       booktitle = {Proceedings of the Third International Workshop on Sensing Applications on Mobile Phones},
        series = {PhoneSense '12},
         year = {2012},
          isbn = {978-1-4503-1778-8},
           location = {Toronto, Ontario, Canada},
            pages = {4:1--4:4},
                  publisher = {ACM},
                   address = {New York, NY, USA},
}

@inproceedings{dopenc,
     author = {Zhang, Huanle and Du, Wan and Zhou, Pengfei and Li, Mo and Mohapatra, Prasant},
      title = {DopEnc: Acoustic-based Encounter Profiling Using Smartphones},
       booktitle = {Proceedings of the 22Nd Annual International Conference on Mobile Computing and Networking},
        series = {MobiCom '16},
         year = {2016},
           location = {New York City, New York},
            pages = {294--307},
}

@inproceedings{batphone_abs,
     author = {Tarzia, Stephen P. and Dinda, Peter A. and Dick, Robert P. and Memik, Gokhan},
      title = {Indoor Localization Without Infrastructure Using the Acoustic Background Spectrum},
       booktitle = {Proceedings of the 9th International Conference on Mobile Systems, Applications, and Services},
        series = {MobiSys '11},
         year = {2011},
           location = {Bethesda, Maryland, USA},
            pages = {155--168},
} 


@inproceedings{echotag,
     author = {Tung, Yu-Chih and Shin, Kang G.},
      title = {EchoTag: Accurate Infrastructure-Free Indoor Location Tagging with Smartphones},
       booktitle = {Proceedings of the 21st Annual International Conference on Mobile Computing and Networking},
        series = {MobiCom '15},
         year = {2015},
           location = {Paris, France},
            pages = {525--536},
}

@inproceedings{fingerio,
     author = {Nandakumar, Rajalakshmi and Iyer, Vikram and Tan, Desney and Gollakota, Shyamnath},
      title = {FingerIO: Using Active Sonar for Fine-Grained Finger Tracking},
       booktitle = {Proceedings of the 2016 CHI Conference on Human Factors in Computing Systems},
        series = {CHI '16},
         year = {2016},
          isbn = {978-1-4503-3362-7},
           location = {Santa Clara, California, USA},
            pages = {1515--1525},
}

@inproceedings{cat,
     author = {Mao, Wenguang and He, Jian and Qiu, Lili},
      title = {High-precision Acoustic Motion Tracking},
       booktitle = {Proceedings of the 22Nd Annual International Conference on Mobile Computing and Networking},
        series = {MobiCom '16},
         year = {2016},
          isbn = {978-1-4503-4226-1},
           location = {New York City, New York},
            pages = {491--492},
}

@inproceedings{aamouse,
     author = {Yun, Sangki and Chen, Yi-Chao and Qiu, Lili},
      title = {Turning a Mobile Device into a Mouse in the Air},
       booktitle = {Proceedings of the 13th Annual International Conference on Mobile Systems, Applications, and Services},
        series = {MobiSys '15},
         year = {2015},
           location = {Florence, Italy},
            pages = {15--29},
} 

@inproceedings{soundsense,
     author = {Lu, Hong and Pan, Wei and Lane, Nicholas D. and Choudhury, Tanzeem and Campbell, Andrew T.},
      title = {SoundSense: Scalable Sound Sensing for People-centric Applications on Mobile Phones},
       booktitle = {Proceedings of the 7th International Conference on Mobile Systems, Applications, and Services},
        series = {MobiSys '09},
         year = {2009},
          isbn = {978-1-60558-566-6},
           location = {Krak\&\#243;w, Poland},
            pages = {165--178},
}

@inproceedings{surroundsense,
     author = {Azizyan, Martin and Constandache, Ionut and Roy Choudhury, Romit},
      title = {SurroundSense: Mobile Phone Localization via Ambience Fingerprinting},
       booktitle = {Proceedings of the 15th Annual International Conference on Mobile Computing and Networking},
        series = {MobiCom '09},
         year = {2009},
          isbn = {978-1-60558-702-8},
           location = {Beijing, China},
            pages = {261--272},
} 

@inproceedings{audiogest,
     author = {Ruan, Wenjie and Sheng, Quan Z. and Yang, Lei and Gu, Tao and Xu, Peipei and Shangguan, Longfei},
      title = {AudioGest: Enabling Fine-grained Hand Gesture Detection by Decoding Echo Signal},
       booktitle = {Proceedings of the 2016 ACM International Joint Conference on Pervasive and Ubiquitous Computing},
        series = {UbiComp '16},
         year = {2016},
          isbn = {978-1-4503-4461-6},
           location = {Heidelberg, Germany},
            pages = {474--485},
}

@inproceedings{ccnc16,
      author    = {Yukitoshi, Kashimoto and Yutaka, Arakawa and Keiichi,Yasumoto},
        title     = {A floor plan creation tool utilizing a smartphone with an ultrasonic sensor gadget},
        booktitle = {13th {IEEE} Annual Consumer Communications {\&} Networking Conference, {CCNC} 2016, Las Vegas, NV, USA, January 9-12, 2016},
        pages     = {131--136},
        year      = {2016},
}

@inproceedings{soundloc,
      author    = {Ruoxi, Jia and Ming, Jin and Zilong, Chen and Costas, J. Spanos},
        title     = {SoundLoc: Accurate room-level indoor localization using acoustic signatures},
          booktitle = {{IEEE} International Conference on Automation Science and Engineering, {CASE} 2015, Gothenburg, Sweden, August 24-28, 2015},
        pages     = {186--193},
        year      = {2015},
}

@inproceedings{roomsense,
        author = {Rossi, Mirco and Seiter, Julia and Amft, Oliver and Buchmeier, Seraina and Tröster, Gerhard},
            booktitle = {AH},
                            pages = {89-95},
                              publisher = {ACM},
                                  title = {RoomSense: an indoor positioning system for smartphones using active sound probing.},
                                      year = {2013}
}

@INPROCEEDINGS{iphone_soundloc, 
author={T. Janson and C. Schindelhauer and J. Wendeberg}, 
booktitle={2010 International Conference on Indoor Positioning and Indoor Navigation}, 
title={Self-localization application for iPhone using only ambient sound signals}, 
year={2010}, 
pages={1-10}, 
keywords={audio streaming;wireless LAN;Wi-Fi connection;ambient sound signals;audio stream;positioning systems;self localization application;smartphone positions;thunderstorm tracking;time differences of arrival;Equations;Estimation}, 
doi={10.1109/IPIN.2010.5648094}, 
month={Sept}}

@article{beep,
    author = {Mandal, A. and Lopes, C. V. and Givargis, T. and {A}},
   
    journal = {2005 Second IEEE},
   
    title = {{Beep: 3D indoor positioning using audible sound}},

    year = {2005}
}


@inproceedings{beepbeep,
 author = {Peng, Chunyi and Shen, Guobin and Zhang, Yongguang and Li, Yanlin and Tan, Kun},
 title = {BeepBeep: A High Accuracy Acoustic Ranging System Using COTS Mobile Devices},
 booktitle = {Proceedings of the 5th International Conference on Embedded Networked Sensor Systems},
 series = {SenSys '07},
 year = {2007},
 isbn = {978-1-59593-763-6},
 location = {Sydney, Australia},
 pages = {1--14},
 numpages = {14},
 publisher = {ACM},
 address = {New York, NY, USA}
} 

@INPROCEEDINGS{indoor_ambient, 
author={I. Rishabh and D. Kimber and J. Adcock}, 
booktitle={2012 International Conference on Indoor Positioning and Indoor Navigation (IPIN)}, 
title={Indoor localization using controlled ambient sounds}, 
year={2012}, 
pages={1-10}, 
month={Nov}}

@inproceedings{walrus,
 author = {Borriello, Gaetano and Liu, Alan and Offer, Tony and Palistrant, Christopher and Sharp, Richard},
 title = {WALRUS: Wireless Acoustic Location with Room-level Resolution Using Ultrasound},
 booktitle = {Proceedings of the 3rd International Conference on Mobile Systems, Applications, and Services},
 series = {MobiSys '05},
 year = {2005},
 isbn = {1-931971-31-5},
 location = {Seattle, Washington},
 pages = {191--203},
 numpages = {13},
 publisher = {ACM},
 address = {New York, NY, USA}
} 

@inproceedings{audio_source,
 author = {Kirby, Ellington and Park, Seoyoon and Wang, Yan and Chen, Yingying},
 title = {HearHere: Smartphone Based Audio Localization Using Time Difference of Arrival: Demo},
 booktitle = {Proceedings of the 22Nd Annual International Conference on Mobile Computing and Networking},
 series = {MobiCom '16},
 year = {2016},
 isbn = {978-1-4503-4226-1},
 location = {New York City, New York},
 pages = {509--510},
 numpages = {2}
} 

@INPROCEEDINGS{phone_lidar, 
author={J. H. Gao and Li-Shiuan Peh}, 
booktitle={2016 IEEE International Conference on Robotics and Automation (ICRA)}, 
title={A smartphone-based laser distance sensor for outdoor environments}, 
year={2016}, 
pages={2922-2929}, 
month={May}
}